<record xmlns="http://www.loc.gov/MARC21/slim" xmlns:xsi="http://www.w3.org/2001/XMLSchema-instance" xsi:schemaLocation="http://www.loc.gov/MARC21/slim http://www.loc.gov/standards/marcxml/schema/MARC21slim.xsd">

  <leader>00664nam a2200193Ia 4500</leader>
  <datafield tag="090" ind2=" " ind1=" ">
    <subfield code="a">CD #95</subfield>
  </datafield>
  <datafield ind1=" " ind2=" " tag="110">
    <subfield code="a">Costa Rica. Ministerio de Educación Pública</subfield>
  </datafield>
  <datafield ind1=" " ind2=" " tag="245">
    <subfield code="a">Sistematización de mis experiencias como docente / </subfield>
    <subfield code="c">Ministerio de Educación Pública</subfield>
  </datafield>
  <datafield ind2=" " ind1=" " tag="260">
    <subfield code="a">San José, Costa Rica : </subfield>
    <subfield code="b">MEP, </subfield>
    <subfield code="c">sin fecha</subfield>
  </datafield>
  <datafield tag="300" ind1=" " ind2=" ">
    <subfield code="a">disco compacto</subfield>
  </datafield>
  <datafield tag="500" ind1=" " ind2=" ">
    <subfield code="a">Contiene 4 modulos \ Presentación en Power Point de los 4 módulos</subfield>
  </datafield>
  <datafield ind2=" " ind1=" " tag="650">
    <subfield code="a">SISTEMATIZACION DE EXPERIENCIAS </subfield>
  </datafield>
  <datafield ind2=" " ind1=" " tag="650">
    <subfield code="a">PROBLEMAS EMOCIONALES</subfield>
  </datafield>
  <datafield tag="650" ind2=" " ind1=" ">
    <subfield code="a">PROBLEMAS DE CONDUCTA</subfield>
  </datafield>
  <datafield ind2=" " ind1=" " tag="650">
    <subfield code="a">SERVICIOS DE APOYOS EDUCATIVOS</subfield>
  </datafield>
  <datafield tag="650" ind2=" " ind1=" ">
    <subfield code="a">TALLERES</subfield>
  </datafield>
  <datafield ind1=" " ind2=" " tag="651">
    <subfield code="a">COSTA RICA</subfield>
  </datafield>
  <datafield ind2=" " ind1=" " tag="942">
    <subfield code="p">002081 </subfield>
  </datafield>
  <datafield tag="999" ind1=" " ind2=" ">
    <subfield code="c">2525</subfield>
    <subfield code="d">2525</subfield>
  </datafield>
</record>